@misc{bvdl2023,
  title = {{Port scanner application}},
  author = {Bas van de Louw},
  howpublished = {\url{https://github.com/Basvdlouw/port-scanner}},
  year = {2023},
  month = {May 20},
  note = {Accessed: May 20, 2023},
}

@misc{medium_js_networking,
  title = {{How JavaScript Works Inside the Networking Layer: How to Optimize Its Performance and Security}},
  author = {Alexander Zlatkov},
  howpublished = {\url{https://medium.com/sessionstack-blog/how-javascript-works-inside-the-networking-layer-how-to-optimize-its-performance-and-security-f71b7414d34c}},
  year = {2018},
  month = {April 12},
  note = {Accessed: April 29, 2023},
}

@misc{rigoudy2023,
  author = {Mike West and Titouan Rigoudy},
  title = {Private Network Access},
  year = {2023},
  month = {July 25},
  organization = {Web Platform Incubator Community Group},
  url = {https://wicg.github.io/private-network-access/}
}

// security threats

@inproceedings{stamm2007,
  title={Drive-by pharming},
  author={Stamm, Sid and Ramzan, Zulfikar and Jakobsson, Markus},
  booktitle={Information and Communications Security: 9th International Conference, ICICS 2007, Zhengzhou, China, December 12-15, 2007. Proceedings 9},
  pages={495--506},
  year={2007},
  organization={Springer}
}

@misc{sohopharming2013,
  author = {Team Cymru},
  title = {SOHO Pharming},
  year = {2013},
  url = {https://331.cybersec.fun/TeamCymruSOHOPharming.pdf},
}
