@inproceedings{eckersley2010,
  title={How unique is your web browser?},
  author={Eckersley, Peter},
  booktitle={Privacy Enhancing Technologies: 10th International Symposium},
  pages={1--18},
  year={2010},
  organization={Springer},
  url={https://citeseerx.ist.psu.edu/document?repid=rep1&type=pdf&doi=af6264bbfd3a4bc68992e5311f61ce8269a21f45},
  summary={
    The first person to bring large-scale attention to browser fingerprinting.
    83.6\% of the browsers seen had an instantaneously unique fingerprint,
    Fingerprints often changed, but the algorithm was able to detect the “progenitor” of the changed fingerprint with an accuracy of 99.1\%
    see: https://coveryourtracks.eff.org/
  }
}
@inproceedings{yen2012,
  title={Host Fingerprinting and Tracking on the Web: Privacy and Security Implications.},
  author={Yen, Ting-Fang and Xie, Yinglian and Yu, Fang and Yu, Roger Peng and Abadi, Martin},
  booktitle={NDSS},
  volume={62},
  pages={66},
  year={2012},
  url={https://www.ndss-symposium.org/wp-content/uploads/2017/09/11_3.pdf},
  summary={IP address and user agent detection}
}
@article{kohno2005,
  title={Remote physical device fingerprinting},
  author={Kohno, Tadayoshi and Broido, Andre and Claffy, Kimberly C},
  journal={IEEE Transactions on Dependable and Secure Computing},
  volume={2},
  number={2},
  pages={93--108},
  year={2005},
  publisher={IEEE},
  url={https://ieeexplore.ieee.org/abstract/document/1453529},
  summary={Hardware detection}
}
@article{mowery2012,
  title={Pixel perfect: Fingerprinting canvas in HTML5},
  author={Mowery, Keaton and Shacham, Hovav},
  journal={Proceedings of W2SP},
  volume={2012},
  year={2012},
  publisher={Citeseer},
  url={https://citeseerx.ist.psu.edu/document?repid=rep1&type=pdf&doi=3208feae829cba6bd319421fe1fea58962da8fd9},
  summary={Canvas HTML5 detection}
}
@article{mowery2011,
  title={Fingerprinting information in JavaScript implementations},
  author={Mowery, Keaton and Bogenreif, Dillon and Yilek, Scott and Shacham, Hovav},
  journal={Proceedings of W2SP},
  volume={2},
  number={11},
  year={2011},
  summary={Fingerprinting based on JS engine performance}
}
@inproceedings{boda2012,
  title={User tracking on the web via cross-browser fingerprinting},
  author={Boda, K{\'a}roly and F{\"o}ldes, {\'A}d{\'a}m M{\'a}t{\'e} and Guly{\'a}s, G{\'a}bor Gy{\"o}rgy and Imre, S{\'a}ndor},
  booktitle={Information Security Technology for Applications: 16th Nordic Conference on Secure IT Systems},
  pages={31--46},
  year={2012},
  organization={Springer},
  summary={Fingerprinting based on IP address, font set, time zone, screen resolution, user agent strings}
}

@book{goralski2017,
  title={The illustrated network: how TCP/IP works in a modern network},
  author={Goralski, Walter},
  year={2017},
  publisher={Morgan Kaufmann},
  summary={Information on port ranges, well-known, registered, dynamic}
}

% Blog attacking web automation drivers
% https://starlabs.sg/blog/2021/04-you-talking-to-me/

@inproceedings{rokicki2021,
  title={Sok: In search of lost time: A review of javascript timers in browsers},
  author={Rokicki, Thomas and Maurice, Cl{\'e}mentine and Laperdrix, Pierre},
  booktitle={2021 IEEE European Symposium on Security and Privacy (EuroS\&P)},
  pages={472--486},
  year={2021},
  organization={IEEE},
  summary={In depth analysis on JS timing attacks}
}

% https://core.ac.uk/download/pdf/31206626.pdf#page=16&zoom=100,180,842
% Same site vs Cross domain tracking/cookies

% Algorithmatically detect fingerprinting
% https://coveryourtracks.eff.org/static/browser-uniqueness.pdf


@misc{w3c_same_origin_policy,
  title = {{W3C Same Origin Policy}},
  author = {W3C},
  howpublished = {\url{https://www.w3.org/Security/wiki/Same\_Origin\_Policy}},
  year = {2010},
  month = {January 6},
}

@inproceedings{laperdrix2016,
  title={Beauty and the beast: Diverting modern web browsers to build unique browser fingerprints},
  author={Laperdrix, Pierre and Rudametkin, Walter and Baudry, Benoit},
  booktitle={2016 IEEE Symposium on Security and Privacy (SP)},
  pages={878--894},
  year={2016},
  organization={IEEE}
}
@inproceedings{nikiforakis2013,
  title={Cookieless monster: Exploring the ecosystem of web-based device fingerprinting},
  author={Nikiforakis, Nick and Kapravelos, Alexandros and Joosen, Wouter and Kruegel, Christopher and Piessens, Frank and Vigna, Giovanni},
  booktitle={2013 IEEE Symposium on Security and Privacy},
  pages={541--555},
  year={2013},
  organization={IEEE}
}