@inproceedings{wu2006,
  title={Detecting semantic cloaking on the web},
  author={Wu, Baoning and Davison, Brian D},
  booktitle={Proceedings of the 15th international conference on World Wide Web},
  pages={819--828},
  year={2006},
  summary={detecting website cloaking}
}
@article{cafarella2004,
  title={Building Nutch: Open Source Search: A case study in writing an open source search engine},
  author={Cafarella, Mike and Cutting, Doug},
  journal={Queue},
  volume={2},
  number={2},
  pages={54--61},
  year={2004},
  publisher={ACM New York, NY, USA},
  summary={SEO}
}

% Cloak and Dagger: Dynamics of Web Search Cloaking
% https://cseweb.ucsd.edu/~voelker/pubs/cloaking-ccs11.pdf   