@misc{ebay_port_scans,
  title = {{eBay port scans visitors' computers for remote access programs}},
  author = {{Bleeping Computer}},
  howpublished = {\url{https://www.bleepingcomputer.com/news/security/ebay-port-scans-visitors-computers-for-remote-access-programs/}},
  year = {2020},
  month = {May 25},
  note = {Accessed: April 29, 2023},
}

@misc{forbes_ebay,
  title = {{Did You Know eBay Is Probing Your Computer? Here's How to Stop It}},
  author = {Davey Winder},
  howpublished = {\url{https://www.forbes.com/sites/daveywinder/2020/05/25/did-you-know-ebay-is-probing-your-computer-heres-how-to-stop-it-windows-privacy-chrome-firefox-web-browser/?sh=24852bec3a92}},
  year = {2020},
  month = {May 25},
  note = {Accessed: April 29, 2023},
}

@misc{edpb_decision,
  title = {{EDPB Decision: Lawfulness of Port Scanning}},
  author = {{European Data Protection Board}},
  howpublished = {\url{https://edpb.europa.eu/sites/default/files/article-60-final-decisions/debb\_2020-10\_lawfulness\_of\_the\_processing\_decisionpublic\_redacted.pdf}},
  year = {2020},
  month = {October 13},
}
