@inproceedings{acar2014,
  title={The web never forgets: Persistent tracking mechanisms in the wild},
  author={Acar, Gunes and Eubank, Christian and Englehardt, Steven and Juarez, Marc and Narayanan, Arvind and Diaz, Claudia},
  booktitle={Proceedings of the 2014 ACM SIGSAC Conference on Computer and Communications Security},
  pages={674--689},
  year={2014}
}

@inproceedings{mayer2012,
  author={Mayer, Jonathan R. and Mitchell, John C.},
  booktitle={2012 IEEE Symposium on Security and Privacy}, 
  title={Third-Party Web Tracking: Policy and Technology}, 
  year={2012},
  volume={},
  number={},
  pages={413-427},
  doi={10.1109/SP.2012.47}
  }

  @inproceedings{englehardt2016,
  title={Online tracking: A 1-million-site measurement and analysis},
  author={Englehardt, Steven and Narayanan, Arvind},
  booktitle={Proceedings of the 2016 ACM SIGSAC conference on computer and communications security},
  pages={1388--1401},
  year={2016}
}

@inproceedings{olejnik2016,
  title={The leaking battery: A privacy analysis of the HTML5 Battery Status API},
  author={Olejnik, {\L}ukasz and Acar, Gunes and Castelluccia, Claude and Diaz, Claudia},
  booktitle={Data Privacy Management, and Security Assurance: 10th International Workshop, DPM 2015, and 4th International Workshop, QASA 2015, Vienna, Austria, September 21--22, 2015. Revised Selected Papers 10},
  pages={254--263},
  year={2016},
  organization={Springer}
}

@inproceedings{egelman2008,
  title={You've been warned: an empirical study of the effectiveness of web browser phishing warnings},
  author={Egelman, Serge and Cranor, Lorrie Faith and Hong, Jason},
  booktitle={Proceedings of the SIGCHI Conference on Human Factors in Computing Systems},
  pages={1065--1074},
  year={2008}
}

@article{komanduri2011,
  title={Adchoices-compliance with online behavioral advertising notice and choice requirements},
  author={Komanduri, Saranga and Shay, Richard and Norcie, Greg and Ur, Blase},
  journal={ISJLP},
  pages={603},
  year={2011},
  publisher={HeinOnline}
}

@inproceedings{mcdonald2009,
  title={A comparative study of online privacy policies and formats},
  author={McDonald, Aleecia M and Reeder, Robert W and Kelley, Patrick Gage and Cranor, Lorrie Faith},
  booktitle={Privacy Enhancing Technologies: 9th International Symposium, PETS 2009},
  pages={37--55},
  year={2009},
  organization={Springer}
}