@article{shannons_entropy,
  title={Understanding Shannon's entropy metric for information},
  author={Vajapeyam, Sriram},
  journal={arXiv preprint arXiv:1405.2061},
  year={2014}
}

@inproceedings{gomez2018,
  title={Hiding in the crowd: an analysis of the effectiveness of browser fingerprinting at large scale},
  author={G{\'o}mez-Boix, Alejandro and Laperdrix, Pierre and Baudry, Benoit},
  booktitle={Proceedings of the 2018 world wide web conference},
  pages={309--318},
  year={2018}
}
@article{budington2016panopticlick,
  title={Panopticlick: Fingerprinting your web presence},
  author={Budington, Bill},
  year={2016}
}

@inproceedings{eckersley2010unique,
  title={How unique is your web browser?},
  author={Eckersley, Peter},
  booktitle={Privacy Enhancing Technologies: 10th International Symposium, PETS 2010, Berlin, Germany, July 21-23, 2010. Proceedings 10},
  pages={1--18},
  year={2010},
  organization={Springer}
}

@inproceedings{laperdrix2016beauty,
  title={Beauty and the beast: Diverting modern web browsers to build unique browser fingerprints},
  author={Laperdrix, Pierre and Rudametkin, Walter and Baudry, Benoit},
  booktitle={2016 IEEE Symposium on Security and Privacy (SP)},
  pages={878--894},
  year={2016},
  organization={IEEE}
}

// anonymity
@article{nissenbaum1999,
  title={The meaning of anonymity in an information age},
  author={Nissenbaum, Helen},
  journal={The Information Society},
  volume={15},
  number={2},
  pages={141--144},
  year={1999},
  publisher={Taylor \& Francis}
}

